@article{Al-Ketan2019,
  title = {Multifunctional Mechanical Metamaterials Based on Triply Periodic Minimal Surface Lattices},
  author = {{Al-Ketan}, Oraib and {Abu Al-Rub}, Rashid K.},
  year = {2019},
  month = oct,
  journal = {Advanced Engineering Materials},
  volume = {21},
  number = {10},
  pages = {1900524},
  issn = {1438-1656, 1527-2648},
  doi = {10.1002/adem.201900524},
  urldate = {2024-12-15},
  langid = {english}
}

@article{Andersen2019,
  title = {Shape Optimization of Micro-Acoustic Devices Including Viscous and Thermal Losses},
  author = {Andersen, Peter Risby and Cutanda Henr{\'i}quez, Vicente and Aage, Niels},
  year = {2019},
  month = may,
  journal = {Journal of Sound and Vibration},
  volume = {447},
  pages = {120--136},
  issn = {0022460X},
  doi = {10.1016/j.jsv.2019.01.047},
  urldate = {2024-11-24},
  langid = {english}
}

@article{Bandyopadhyay2021,
  title = {Nature-Inspired Materials and Structures Using {{3D}} Printing},
  author = {Bandyopadhyay, Amit and Traxel, Kellen D. and Bose, Susmita},
  year = {2021},
  month = jul,
  journal = {Materials Science and Engineering: R: Reports},
  volume = {145},
  pages = {100609},
  issn = {0927-796X},
  doi = {10.1016/j.mser.2021.100609},
  urldate = {2025-01-14},
  langid = {english}
}

@article{Bastek2023,
  title = {Inverse Design of Nonlinear Mechanical Metamaterials via Video Denoising Diffusion Models},
  author = {Bastek, Jan-Hendrik and Kochmann, Dennis M.},
  year = {2023},
  month = dec,
  journal = {Nature Machine Intelligence},
  volume = {5},
  number = {12},
  pages = {1466--1475},
  issn = {2522-5839},
  doi = {10.1038/s42256-023-00762-x},
  urldate = {2024-11-20},
  langid = {english}
}

@article{Bauer2017,
  ids = {a19f4f95bcbf2bde494f73887327f60cbd9dec02},
  title = {Nanolattices: An Emerging Class of Mechanical Metamaterials},
  shorttitle = {Nanolattices},
  author = {Bauer, Jens and Meza, Lucas R. and Schaedler, Tobias A. and Schwaiger, Ruth and Zheng, Xiaoyu and Valdevit, Lorenzo},
  year = {2017},
  month = oct,
  journal = {Advanced Materials},
  volume = {29},
  number = {40},
  eprint = {28873250},
  eprinttype = {pmid},
  pages = {1701850},
  issn = {0935-9648, 1521-4095},
  doi = {10.1002/adma.201701850},
  urldate = {2024-12-15},
  langid = {english}
}

@article{Bendsoe1999,
  title = {Material Interpolation Schemes in Topology Optimization},
  author = {Bends{\o}e, M. P. and Sigmund, O.},
  year = {1999},
  month = nov,
  journal = {Archive of Applied Mechanics (Ingenieur Archiv)},
  volume = {69},
  number = {9-10},
  pages = {635--654},
  issn = {0939-1533, 1432-0681},
  doi = {10.1007/s004190050248},
  urldate = {2024-11-25},
  langid = {english}
}

@article{Berger2017,
  title = {Mechanical Metamaterials at the Theoretical Limit of Isotropic Elastic Stiffness},
  author = {Berger, J. B. and Wadley, H. N. G. and McMeeking, R. M.},
  year = {2017},
  month = mar,
  journal = {Nature},
  volume = {543},
  number = {7646},
  pages = {533--537},
  publisher = {Nature Publishing Group},
  issn = {1476-4687},
  doi = {10.1038/nature21075},
  urldate = {2024-12-11},
  langid = {english}
}

@article{Cao2024a,
  title = {Active Learning Accelerates the Discovery of High Strength and High Ductility Lead-Free Solder Alloys},
  author = {Cao, Bin and Su, Tianhao and Yu, Shuting and Li, Tianyuan and Zhang, Taolue and Zhang, Jincang and Dong, Ziqiang and Zhang, Tong-Yi},
  year = {2024},
  month = may,
  journal = {Materials \& Design},
  volume = {241},
  pages = {112921},
  issn = {02641275},
  doi = {10.1016/j.matdes.2024.112921},
  urldate = {2025-01-22},
  langid = {english}
}

@article{Chen2024b,
  title = {Ultra-Stiff and Quasi-Elastic-Isotropic Triply Periodic Minimal Surface Structures Designed by Deep Learning},
  author = {Chen, Ruiguang and Zhang, Weijian and Jia, Yunfeng and Wang, Shanshan and Cao, Boxuan and Li, Changlin and Du, Jianjun and Yu, Suzhu and Wei, Jun},
  year = {2024},
  month = aug,
  journal = {Materials \& Design},
  volume = {244},
  pages = {113107},
  issn = {02641275},
  doi = {10.1016/j.matdes.2024.113107},
  urldate = {2024-12-23},
  langid = {english}
}

@article{Collet2018,
  title = {Topology Optimization for Microstructural Design under Stress Constraints},
  author = {Collet, Maxime and No{\"e}l, Lise and Bruggi, Matteo and Duysinx, Pierre},
  year = {2018},
  month = dec,
  journal = {Structural and Multidisciplinary Optimization},
  volume = {58},
  number = {6},
  pages = {2677--2695},
  issn = {1615-147X, 1615-1488},
  doi = {10.1007/s00158-018-2045-9},
  urldate = {2024-11-25},
  langid = {english}
}

@article{Deng2022a,
  ids = {9462746327d7821ba730539aaa63e78d955ec312,Deng2022b},
  title = {Inverse Design of Mechanical Metamaterials with Target Nonlinear Response via a Neural Accelerated Evolution Strategy},
  author = {Deng, Bolei and Zareei, Ahmad and Ding, Xiaoxiao and Weaver, James C. and Rycroft, Chris H. and Bertoldi, Katia},
  year = {2022},
  journal = {Advanced Materials},
  volume = {34},
  number = {41},
  eprint = {36103610},
  eprinttype = {pmid},
  pages = {2206238},
  issn = {1521-4095},
  doi = {10.1002/adma.202206238},
  urldate = {2024-12-24},
  langid = {english}
}

@article{Dong2019,
  title = {A 149 Line Homogenization Code for Three-Dimensional Cellular Materials Written in Matlab},
  author = {Dong, Guoying and Tang, Yunlong and Zhao, Yaoyao Fiona},
  year = {2019},
  month = jan,
  journal = {Journal of Engineering Materials and Technology},
  volume = {141},
  number = {1},
  pages = {11005},
  issn = {0094-4289, 1528-8889},
  doi = {10.1115/1.4040555},
  urldate = {2024-08-25},
  langid = {english}
}

@article{Fernandes2021,
  title = {Mechanically Robust Lattices Inspired by Deep-Sea Glass Sponges},
  author = {Fernandes, Matheus C. and Aizenberg, Joanna and Weaver, James C. and Bertoldi, Katia},
  year = {2021},
  month = feb,
  journal = {Nature Materials},
  volume = {20},
  number = {2},
  pages = {237--241},
  publisher = {Nature Publishing Group},
  issn = {1476-4660},
  doi = {10.1038/s41563-020-0798-1},
  urldate = {2024-12-22},
  langid = {english}
}

@article{Gandy2001,
  title = {Nodal Surface Approximations to the {{P}} ,{{G}}, {{D}}, and {{I-WP}} Triply Periodic Minimal Surfaces},
  author = {Gandy, Paul J. F. and Bardhan, Sonny and Mackay, Alan L. and Klinowski, Jacek},
  year = {2001},
  month = mar,
  journal = {Chemical Physics Letters},
  volume = {336},
  number = {3},
  pages = {187--195},
  issn = {0009-2614},
  doi = {10.1016/S0009-2614(00)01418-4},
  urldate = {2024-12-30},
  langid = {english}
}

@article{Garland2021,
  title = {Pragmatic Generative Optimization of Novel Structural Lattice Metamaterials with Machine Learning},
  author = {Garland, Anthony P. and White, Benjamin C. and Jensen, Scott C. and Boyce, Brad L.},
  year = {2021},
  month = may,
  journal = {Materials \& Design},
  volume = {203},
  pages = {109632},
  issn = {02641275},
  doi = {10.1016/j.matdes.2021.109632},
  urldate = {2024-12-24},
  langid = {english}
}

@misc{Gulrajani2017,
  title = {Improved Training of Wasserstein {{GANs}}},
  author = {Gulrajani, Ishaan and Ahmed, Faruk and Arjovsky, Martin and Dumoulin, Vincent and Courville, Aaron},
  year = {2017},
  month = dec,
  eprint = {1704.00028},
  primaryclass = {cs, stat},
  urldate = {2024-08-25},
  archiveprefix = {arXiv},
  howpublished = {http://arxiv.org/abs/1704.00028},
  langid = {english},
  pubstate = {prepublished}
}

@article{Han2015,
  title = {A New Type of Low Density Material: Shellular},
  shorttitle = {A New Type of Low Density Material},
  author = {Han, Seung Chul and Lee, Jeong Woo and Kang, Kiju},
  year = {2015},
  journal = {Advanced Materials},
  volume = {27},
  number = {37},
  pages = {5506--5511},
  issn = {1521-4095},
  doi = {10.1002/adma.201501546},
  urldate = {2024-12-11},
  langid = {english}
}

@article{Hsieh2019,
  title = {The Mechanical Response of Cellular Materials with Spinodal Topologies},
  author = {Hsieh, Meng-Ting and Endo, Bianca and Zhang, Yunfei and Bauer, Jens and Valdevit, Lorenzo},
  year = {2019},
  month = apr,
  journal = {Journal of the Mechanics and Physics of Solids},
  volume = {125},
  pages = {401--419},
  issn = {00225096},
  doi = {10.1016/j.jmps.2019.01.002},
  urldate = {2024-11-25},
  langid = {english}
}

@article{Kapfer2011,
  title = {Minimal Surface Scaffold Designs for Tissue Engineering},
  author = {Kapfer, Sebastian C. and Hyde, Stephen T. and Mecke, Klaus and Arns, Christoph H. and {Schr{\"o}der-Turk}, Gerd E.},
  year = {2011},
  month = oct,
  journal = {Biomaterials},
  volume = {32},
  number = {29},
  pages = {6875--6882},
  issn = {0142-9612},
  doi = {10.1016/j.biomaterials.2011.06.012},
  urldate = {2024-12-15},
  langid = {english}
}

@article{Kim2020b,
  title = {Inverse Design of Porous Materials Using Artificial Neural Networks},
  author = {Kim, Baekjun and Lee, Sangwon and Kim, Jihan},
  year = {2020},
  month = jan,
  journal = {Science Advances},
  volume = {6},
  number = {1},
  pages = {eaax9324},
  issn = {2375-2548},
  doi = {10.1126/sciadv.aax9324},
  urldate = {2024-12-22},
  langid = {english}
}

@article{Kumar2020,
  ids = {cbe038d27b211e109c9ea382f8ff74639d5d7c19},
  title = {Inverse-Designed Spinodoid Metamaterials},
  author = {Kumar, Siddhant and Tan, Stephanie and Zheng, Li and Kochmann, Dennis M.},
  year = {2020},
  month = jun,
  journal = {npj Computational Materials},
  volume = {6},
  number = {1},
  pages = {73},
  issn = {2057-3960},
  doi = {10.1038/s41524-020-0341-6},
  urldate = {2024-08-25},
  langid = {english}
}

@article{Lee2016,
  title = {Controlled Unusual Stiffness of Mechanical Metamaterials},
  author = {Lee, Wooju and Kang, Da-Young and Song, Jihwan and Moon, Jun Hyuk and Kim, Dongchoul},
  year = {2016},
  month = feb,
  journal = {Scientific Reports},
  volume = {6},
  number = {1},
  pages = {20312},
  publisher = {Nature Publishing Group},
  issn = {2045-2322},
  doi = {10.1038/srep20312},
  urldate = {2024-12-14},
  langid = {english}
}

@article{Lee2022,
  title = {Generative Machine Learning Algorithm for Lattice Structures with Superior Mechanical Properties},
  author = {Lee, Sangryun and Zhang, Zhizhou and Gu, Grace X.},
  year = {2022},
  month = mar,
  journal = {Materials Horizons},
  volume = {9},
  number = {3},
  pages = {952--960},
  publisher = {The Royal Society of Chemistry},
  issn = {2051-6355},
  doi = {10.1039/D1MH01792F},
  urldate = {2024-12-22},
  langid = {english}
}

@article{Li2021d,
  title = {Biomimetic Nanoporous Aerogels from Branched Aramid Nanofibers Combining High Heat Insulation and Compressive Strength},
  author = {Li, Jun and Li, Huaiyu and Xu, Liwei and Wang, Lijun and Hu, Zhen and Liu, Li and Huang, Yudong and Kotov, Nicholas A.},
  year = {2021},
  month = mar,
  journal = {SmartMat},
  volume = {2},
  number = {1},
  pages = {76--87},
  issn = {2688-819X, 2688-819X},
  doi = {10.1002/smm2.1019},
  urldate = {2024-12-29},
  langid = {english}
}

@article{Li2024c,
  title = {Design and Optimization of Anisotropy--Inspired {{AlSi10Mg}} Metamaterials with Tailored Mechanics and Mass Transport Properties in Tissue Engineering},
  author = {Li, Zhitong and Chen, Zhaobo and Chen, Xiongbiao and Zhao, Runchao},
  year = {2024},
  month = jul,
  journal = {Composite Structures},
  volume = {340},
  pages = {118179},
  issn = {0263-8223},
  doi = {10.1016/j.compstruct.2024.118179},
  urldate = {2025-01-14},
  langid = {english}
}

@article{Liu2020a,
  title = {Machine Learning-Based Design and Optimization of Curved Beams for Multistable Structures and Metamaterials},
  author = {Liu, Fan and Jiang, Xihang and Wang, Xintao and Wang, Lifeng},
  year = {2020},
  month = nov,
  journal = {Extreme Mechanics Letters},
  volume = {41},
  pages = {101002},
  issn = {2352-4316},
  doi = {10.1016/j.eml.2020.101002},
  urldate = {2024-12-24},
  langid = {english}
}

@article{Ma2020a,
  title = {Manufacturability, Mechanical Properties, Mass-Transport Properties and Biocompatibility of Triply Periodic Minimal Surface ({{TPMS}}) Porous Scaffolds Fabricated by Selective Laser Melting},
  author = {Ma, Shuai and Tang, Qian and Han, Xiaoxiao and Feng, Qixiang and Song, Jun and Setchi, Rossitza and Liu, Ying and Liu, Yang and Goulas, Athanasios and Engstr{\o}m, Daniel S. and Tse, Yau Yau and Zhen, Ni},
  year = {2020},
  month = oct,
  journal = {Materials \& Design},
  volume = {195},
  pages = {109034},
  issn = {02641275},
  doi = {10.1016/j.matdes.2020.109034},
  urldate = {2024-09-30},
  langid = {english}
}

@article{Ma2020b,
  title = {Accelerated Design and Characterization of Non-Uniform Cellular Materials via a Machine-Learning Based Framework},
  author = {Ma, Chunping and Zhang, Zhiwei and Luce, Benjamin and Pusateri, Simon and Xie, Binglin and Rafiei, Mohammad H. and Hu, Nan},
  year = {2020},
  month = apr,
  journal = {npj Computational Materials},
  volume = {6},
  number = {1},
  pages = {1--8},
  publisher = {Nature Publishing Group},
  issn = {2057-3960},
  doi = {10.1038/s41524-020-0309-6},
  urldate = {2024-12-24},
  langid = {english}
}

@article{Ma2024b,
  title = {{{MLMD}}: A Programming-Free {{AI}} Platform to Predict and Design Materials},
  shorttitle = {Mlmd},
  author = {Ma, Jiaxuan and Cao, Bin and Dong, Shuya and Tian, Yuan and Wang, Menghuan and Xiong, Jie and Sun, Sheng},
  year = {2024},
  month = mar,
  journal = {npj Computational Materials},
  volume = {10},
  number = {1},
  pages = {59},
  issn = {2057-3960},
  doi = {10.1038/s41524-024-01243-4},
  urldate = {2024-03-23},
  langid = {english}
}

@misc{Maze2022,
  title = {Diffusion Models Beat {{GANs}} on Topology Optimization},
  author = {Maz{\'e}, Fran{\c c}ois and Ahmed, Faez},
  year = {2022},
  month = dec,
  eprint = {2208.09591},
  primaryclass = {cs},
  urldate = {2024-08-25},
  archiveprefix = {arXiv},
  howpublished = {http://arxiv.org/abs/2208.09591},
  langid = {english},
  pubstate = {prepublished}
}

@inproceedings{Nie2020,
  title = {{{TopologyGAN}}: Topology Optimization Using Generative Adversarial Networks Based on Physical Fields over the Initial Domain},
  shorttitle = {{{TopologyGAN}}},
  booktitle = {Volume {{11A}}: 46th {{Design Automation Conference}} ({{DAC}})},
  author = {Nie, Zhenguo and Lin, Tong and Jiang, Haoliang and Kara, Levent Burak},
  year = {2020},
  month = aug,
  pages = {V11AT11A008},
  publisher = {American Society of Mechanical Engineers},
  address = {Virtual, Online},
  doi = {10.1115/DETC2020-22675},
  urldate = {2024-12-27},
  eventtitle = {{{ASME}} 2020 {{International Design Engineering Technical Conferences}} and {{Computers}} and {{Information}} in {{Engineering Conference}}},
  isbn = {978-0-7918-8400-3},
  langid = {english}
}

@article{Peng2023,
  title = {Machine Learning-Enabled Constrained Multi-Objective Design of Architected Materials},
  author = {Peng, Bo and Wei, Ye and Qin, Yu and Dai, Jiabao and Li, Yue and Liu, Aobo and Tian, Yun and Han, Liuliu and Zheng, Yufeng and Wen, Peng},
  year = {2023},
  month = oct,
  journal = {Nature Communications},
  volume = {14},
  number = {1},
  pages = {6630},
  issn = {2041-1723},
  doi = {10.1038/s41467-023-42415-y},
  urldate = {2024-08-25},
  langid = {english}
}

@book{Rasmussen2006,
  title = {Gaussian Processes for Machine Learning},
  author = {Rasmussen, Carl Edward and Williams, Christopher K. I.},
  year = {2006},
  series = {Adaptive Computation and Machine Learning},
  publisher = {MIT Press},
  address = {Cambridge, Mass},
  isbn = {978-0-262-18253-9},
  langid = {english}
}

@article{Roding2022,
  title = {Inverse Design of Anisotropic Spinodoid Materials with Prescribed Diffusivity},
  author = {R{\"o}ding, Magnus and W{\aa}hlstrand Sk{\"a}rstr{\"o}m, Victor and Lor{\'e}n, Niklas},
  year = {2022},
  month = oct,
  journal = {Scientific Reports},
  volume = {12},
  number = {1},
  pages = {17413},
  issn = {2045-2322},
  doi = {10.1038/s41598-022-21451-6},
  urldate = {2024-08-25},
  langid = {english}
}

@article{Schaedler2011,
  title = {Ultralight Metallic Microlattices},
  author = {Schaedler, T. A. and Jacobsen, A. J. and Torrents, A. and Sorensen, A. E. and Lian, J. and Greer, J. R. and Valdevit, L. and Carter, W. B.},
  year = {2011},
  month = nov,
  journal = {Science},
  volume = {334},
  number = {6058},
  pages = {962--965},
  issn = {0036-8075, 1095-9203},
  doi = {10.1126/science.1211649},
  urldate = {2024-12-11},
  langid = {english}
}

@article{Sekar2024,
  title = {Additively Manufactured Metamaterials for Acoustic Absorption: A Review},
  shorttitle = {Additively Manufactured Metamaterials for Acoustic Absorption},
  author = {Sekar, Vignesh and Cantwell, Wesley J. and Liao, Kin and Berton, Benoit and Jacquart, Pierre-Marie and {Abu Al-Rub}, Rashid K.},
  year = {2024},
  month = dec,
  journal = {Virtual and Physical Prototyping},
  volume = {19},
  number = {1},
  pages = {e2435562},
  publisher = {Taylor \& Francis},
  issn = {1745-2759},
  doi = {10.1080/17452759.2024.2435562},
  urldate = {2025-01-14},
  langid = {english}
}

@article{Sethi2023,
  title = {Nature-Inspired Bamboo-Spiderweb Hybrid Cellular Structures for Impact Applications},
  author = {Sethi, A. and Budarapu, P. R. and Vusa, V. R.},
  year = {2023},
  month = jan,
  journal = {Composite Structures},
  volume = {304},
  pages = {116298},
  issn = {0263-8223},
  doi = {10.1016/j.compstruct.2022.116298},
  urldate = {2025-01-14},
  langid = {english}
}

@inproceedings{Settles2009ActiveLL,
  title = {Active Learning Literature Survey},
  author = {Settles, Burr},
  year = {2009},
  langid = {english}
}

@article{Shen2022,
  title = {Nature-Inspired Architected Materials Using Unsupervised Deep Learning},
  author = {Shen, Sabrina Chin-yun and Buehler, Markus J.},
  year = {2022},
  month = nov,
  journal = {Communications Engineering},
  volume = {1},
  number = {1},
  pages = {1--15},
  publisher = {Nature Publishing Group},
  issn = {2731-3395},
  doi = {10.1038/s44172-022-00037-0},
  urldate = {2024-12-22},
  langid = {english}
}

@article{Tabrizian2024,
  title = {From Bone to Nacre -- Development of Biomimetic Materials for Bone Implants: A Review},
  shorttitle = {From Bone to Nacre -- Development of Biomimetic Materials for Bone Implants},
  author = {Tabrizian, Parinaz and Davis, Sean and Su, Bo},
  year = {2024},
  month = nov,
  journal = {Biomaterials Science},
  volume = {12},
  number = {22},
  pages = {5680--5703},
  publisher = {The Royal Society of Chemistry},
  issn = {2047-4849},
  doi = {10.1039/D4BM00903G},
  urldate = {2025-01-14},
  langid = {english}
}

@article{Tancogne-Dejean2018,
  ids = {cd409baa7b8f051c6aa7175f6a6cb50a1db4e8e0},
  title = {{{3D}} Plate-Lattices: An Emerging Class of Low-Density Metamaterial Exhibiting Optimal Isotropic Stiffness},
  shorttitle = {{{3D}} Plate-Lattices},
  author = {{Tancogne-Dejean}, Thomas and Diamantopoulou, Marianna and Gorji, Maysam B. and Bonatti, Colin and Mohr, Dirk},
  year = {2018},
  journal = {Advanced Materials},
  volume = {30},
  number = {45},
  eprint = {30230617},
  eprinttype = {pmid},
  pages = {1803334},
  issn = {1521-4095},
  doi = {10.1002/adma.201803334},
  urldate = {2024-12-11},
  langid = {english}
}

@article{Tian2024a,
  title = {Noise-aware Active Learning to Develop High-temperature Shape Memory Alloys with Large Latent Heat},
  author = {Tian, Yuan and Hu, Bin and Dang, Pengfei and Pang, Jianbo and Zhou, Yumei and Xue, Dezhen},
  year = {2024},
  month = oct,
  journal = {Advanced Science},
  pages = {2406216},
  issn = {2198-3844, 2198-3844},
  doi = {10.1002/advs.202406216},
  urldate = {2024-10-21},
  langid = {english}
}

@inproceedings{Villani2008OptimalTO,
  title = {Optimal Transport: Old and New},
  author = {Villani, C{\'e}dric},
  year = {2008},
  langid = {english}
}

@article{Vlassis2023,
  title = {Denoising Diffusion Algorithm for Inverse Design of Microstructures with Fine-Tuned Nonlinear Material Properties},
  author = {Vlassis, Nikolaos N. and Sun, WaiChing},
  year = {2023},
  month = aug,
  journal = {Computer Methods in Applied Mechanics and Engineering},
  volume = {413},
  eprint = {2302.12881},
  primaryclass = {cs},
  pages = {116126},
  issn = {0045-7825},
  doi = {10.1016/j.cma.2023.116126},
  urldate = {2024-12-27},
  archiveprefix = {arXiv},
  langid = {english}
}

@article{Wang2016,
  title = {Topological Design and Additive Manufacturing of Porous Metals for Bone Scaffolds and Orthopaedic Implants: A Review},
  shorttitle = {Topological Design and Additive Manufacturing of Porous Metals for Bone Scaffolds and Orthopaedic Implants},
  author = {Wang, Xiaojian and Xu, Shanqing and Zhou, Shiwei and Xu, Wei and Leary, Martin and Choong, Peter and Qian, M. and Brandt, Milan and Xie, Yi Min},
  year = {2016},
  month = mar,
  journal = {Biomaterials},
  volume = {83},
  pages = {127--141},
  issn = {0142-9612},
  doi = {10.1016/j.biomaterials.2016.01.012},
  urldate = {2025-01-21},
  langid = {english}
}

@article{Wang2019b,
  title = {Investigation of Compressive Deformation Behaviors of Cubic Periodic Cellular Structural Cubes through {{3D}} Printed Parts and {{FE}} Simulations},
  author = {Wang, Jun and Rai, Rahul and Armstrong, Jason N.},
  year = {2019},
  month = nov,
  journal = {Rapid Prototyping Journal},
  volume = {26},
  number = {3},
  pages = {459--472},
  issn = {1355-2546, 1355-2546},
  doi = {10.1108/RPJ-03-2019-0069},
  urldate = {2024-12-30},
  langid = {english}
}

@article{Wang2020a,
  title = {Deep Generative Modeling for Mechanistic-Based Learning and Design of Metamaterial Systems},
  author = {Wang, Liwei and Chan, Yu-Chin and Ahmed, Faez and Liu, Zhao and Zhu, Ping and Chen, Wei},
  year = {2020},
  month = dec,
  journal = {Computer Methods in Applied Mechanics and Engineering},
  volume = {372},
  pages = {113377},
  issn = {0045-7825},
  doi = {10.1016/j.cma.2020.113377},
  urldate = {2024-12-26},
  langid = {english}
}

@article{Xu2016a,
  title = {Design of Lattice Structures with Controlled Anisotropy},
  author = {Xu, Shanqing and Shen, Jianhu and Zhou, Shiwei and Huang, Xiaodong and Xie, Yi Min},
  year = {2016},
  month = mar,
  journal = {Materials \& Design},
  volume = {93},
  pages = {443--447},
  issn = {02641275},
  doi = {10.1016/j.matdes.2016.01.007},
  urldate = {2024-12-14},
  langid = {english}
}

@article{Yang2019,
  ids = {Yang2019b},
  title = {Multi-Objective Bayesian Global Optimization Using Expected Hypervolume Improvement Gradient},
  author = {Yang, Kaifeng and Emmerich, Michael and Deutz, Andr{\'e} and B{\"a}ck, Thomas},
  year = {2019},
  month = feb,
  journal = {Swarm and Evolutionary Computation},
  volume = {44},
  pages = {945--956},
  issn = {22106502},
  doi = {10.1016/j.swevo.2018.10.007},
  urldate = {2024-08-25},
  langid = {english}
}

@article{Yang2020,
  title = {Alloying Design of Biodegradable Zinc as Promising Bone Implants for Load-Bearing Applications},
  author = {Yang, Hongtao and Jia, Bo and Zhang, Zechuan and Qu, Xinhua and Li, Guannan and Lin, Wenjiao and Zhu, Donghui and Dai, Kerong and Zheng, Yufeng},
  year = {2020},
  month = jan,
  journal = {Nature Communications},
  volume = {11},
  number = {1},
  pages = {401},
  publisher = {Nature Publishing Group},
  issn = {2041-1723},
  doi = {10.1038/s41467-019-14153-7},
  urldate = {2025-01-21},
  langid = {english}
}

@article{Zheng2020abc,
  title = {Data-Driven Topology Optimization of Spinodoid Metamaterials with Seamlessly Tunable Anisotropy},
  author = {Zheng, Li and Kumar, Siddhant and Kochmann, D.},
  year = {2020},
  journal = {ArXiv},
  volume = {abs/2012.15744},
  pages = {null},
  doi = {10.1016/j.cma.2021.113894},
  arxivid = {2012.15744},
  langid = {english}
}

@article{Zheng2023,
  ids = {049eb08ed3bf428ad6ff687fea901e70979fe278},
  title = {Unifying the Design Space and Optimizing Linear and Nonlinear Truss Metamaterials by Generative Modeling},
  author = {Zheng, Li and Karapiperis, Konstantinos and Kumar, Siddhant and Kochmann, Dennis M.},
  year = {2023},
  month = nov,
  journal = {Nature Communications},
  volume = {14},
  number = {1},
  eprint = {37989748},
  eprinttype = {pmid},
  pages = {7563},
  publisher = {Nature Publishing Group},
  issn = {2041-1723},
  doi = {10.1038/s41467-023-42068-x},
  urldate = {2024-12-26},
  arxivid = {2306.14773},
  langid = {english}
}
